
IEEEexample.bib 
V1.12 (2007/01/11)
Copyright (c) 2002-2007 by Michael Shell
See: http://www.michaelshell.org/
for current contact information.

This is an example BibTeX database for the official IEEEtran.bst
BibTeX style file.

Some entries call strings that are defined in the IEEEabrv.bib file.
Therefore, IEEEabrv.bib should be loaded prior to this file. 
Usage: 

\bibliographystyle{./IEEEtran}
\bibliography{./IEEEabrv,./paper}


Support sites:
http://www.michaelshell.org/tex/ieeetran/
http://www.ctan.org/tex-archive/macros/latex/contrib/IEEEtran/
and/or
http://www.ieee.org/

*************************************************************************
Legal Notice:
This code is offered as-is without any warranty either expressed or
implied; without even the implied warranty of MERCHANTABILITY or
FITNESS FOR A PARTICULAR PURPOSE! 
User assumes all risk.
In no event shall IEEE or any contributor to this code be liable for
any damages or losses, including, but not limited to, incidental,
consequential, or any other damages, resulting from the use or misuse
of any information contained here.

All comments are the opinions of their respective authors and are not
necessarily endorsed by the IEEE.

This work is distributed under the LaTeX Project Public License (LPPL)
( http://www.latex-project.org/ ) version 1.3, and may be freely used,
distributed and modified. A copy of the LPPL, version 1.3, is included
in the base LaTeX documentation of all distributions of LaTeX released
2003/12/01 or later.
Retain all contribution notices and credits.
** Modified files should be clearly indicated as such, including  **
** renaming them and changing author support contact information. **

File list of work: IEEEabrv.bib, IEEEfull.bib, IEEEexample.bib,
                   IEEEtran.bst, IEEEtranS.bst, IEEEtranSA.bst,
                   IEEEtranN.bst, IEEEtranSN.bst, IEEEtran_bst_HOWTO.pdf
*************************************************************************


Note that, because the example references were taken from actual IEEE
publications, these examples do not always contain the full amount
of information that may be desirable (for use with other BibTeX styles).
In particular, full names (not abbreviated with initials) should be
entered whenever possible as some (non-IEEE) bibliography styles use
full names. IEEEtran.bst will automatically abbreviate when it encounters
full names.
 

@article{atanassov1986intuitionistic,
  title={Intuitionistic fuzzy sets},
  author={Atanassov, Krassimir T},
  journal={Fuzzy sets and Systems},
  volume={20},
  number={1},
  pages={87--96},
  year={1986},
  publisher={Elsevier}
}

@inproceedings{atanassov2003intuitionistic,
  title={Intuitionistic fuzzy sets: past, present and future.},
  author={Atanassov, Krassimir T},
  booktitle={EUSFLAT Conf.},
  pages={12--19},
  year={2003},
  organization={Citeseer}
}

@incollection{szmidt2001intuitionistic,
  title={Intuitionistic fuzzy sets in some medical applications},
  author={Szmidt, Eulalia and Kacprzyk, Janusz},
  booktitle={Computational Intelligence. Theory and Applications},
  pages={148--151},
  year={2001},
  publisher={Springer}
}

@article{own2009switching,
  title={Switching between type-2 fuzzy sets and intuitionistic fuzzy sets: an application in medical diagnosis},
  author={Own, Chung-Ming},
  journal={Applied Intelligence},
  volume={31},
  number={3},
  pages={283--291},
  year={2009},
  publisher={Springer}
}

@inproceedings{baccour2008application,
  title={An application of intuitionistic fuzzy information for handwritten Arabic word recognition},
  author={Baccour, Leila and Kanoun, Slim and Maergner, Volker and Alimi, Mohamed Adel},
  booktitle={12th International Conference on IFSs (NIFS08)},
  volume={14},
  number={2},
  pages={67--72},
  year={2008}
}

@article{xu2007intuitionistic,
  title={Intuitionistic preference relations and their application in group decision making},
  author={Xu, Zeshui},
  journal={Information sciences},
  volume={177},
  number={11},
  pages={2363--2379},
  year={2007},
  publisher={Elsevier}
}

@article{davarzani2013novel,
  title={A novel application of intuitionistic fuzzy sets theory in medical science: Bacillus colonies recognition},
  author={Davarzani, Hoda and Khorheh, Mohammadreza Amiri},
  journal={Artificial Intelligence Research},
  volume={2},
  number={2},
  pages={p1},
  year={2013}
}

@inproceedings{despi2013generalised,
  title={Generalised Atanassov Intuitionistic Fuzzy Sets},
  author={Despi, Ioan and Opris, Dumitru and Yalcin, Erkan},
  booktitle={Proceeding of the Fifth International Conference on Information, Process, and Knowledge Management},
  year={2013}
}

@article{sharma2011cut,
  title={Cut of Intuitionistic fuzzy modules},
  author={Sharma, PK},
  journal={International Journal of Mathematical Sciences and Applications},
  volume={1},
  number={3},
  pages={1489--1492},
  year={2011}
}

@inproceedings{sharma2011cutgroups,
  title={Cut of intuitionistic fuzzy groups},
  author={Sharma, PK},
  booktitle={International mathematical forum},
  volume={6},
  number={53},
  pages={2605--2614},
  year={2011}
}

@article{akram2014intuitionistic,
  title={Intuitionistic Fuzzy Logic Control for Washing Machines},
  author={Akram, Muhammad and Habib, Shaista and Javed, Imran},
  journal={Indian Journal of Science and Technology},
  volume={7},
  number={5},
  pages={654--661},
  year={2014}
}

@article{deschrijver2004representation,
  title={On the representation of intuitionistic fuzzy t-norms and t-conorms},
  author={Deschrijver, Glad and Cornelis, Chris and Kerre, Etienne E},
  journal={Fuzzy Systems, IEEE Transactions on},
  volume={12},
  number={1},
  pages={45--61},
  year={2004},
  publisher={IEEE}
}

@inproceedings{cornelis2001compositional,
  title={The compositional rule of inference in an intuitionistic fuzzy logic setting},
  author={Cornelis, Chris and Deschrijver, Glad},
  booktitle={Proc. ESSLLI},
  pages={83--94},
  year={2001}
}

@article{castillo2007intuitionistic,
  title={An intuitionistic fuzzy system for time series analysis in plant monitoring and diagnosis},
  author={Castillo, Oscar and Alanis, Arnulfo and Garcia, Mario and Arias, Hector},
  journal={Applied Soft Computing},
  volume={7},
  number={4},
  pages={1227--1233},
  year={2007},
  publisher={Elsevier}
}

@article{bustince1995method,
  title={A method for inference in approximate reasoning based on normal intuitionistic fuzzy sets},
  author={Bustince, H and Burillo, P and Mohedano, V},
  journal={Notes on Intuitionistic Fuzzy Sets},
  volume={1},
  number={1},
  pages={51--55},
  year={1995}
}

@article{marinov2005method,
  title={A Method and Electronic Circuit for Intuitionistic Fuzzy Inference},
  author={Marinov, M and Atanassov, K},
  journal={Notes on Intuitionistic Fuzzy Sets},
  volume={11},
  number={1},
  pages={28--32},
  year={2005}
}

@article{atanassov2013intuitionistic,
  title={Intuitionistic Fuzzy Sets, Measures and Integrals},
  author={Atanassov, K and Vassilev, P and Tcvetkov, R},
  journal={Sofia:" Prof. M. Drinov" Academic Publishing House},
  year={2013}
}

Non-Intuitionistic Fuzzy Sets, Fuzzy Logic and Fuzzy Systems

@article{zadeh1965fuzzy,
  title={Fuzzy sets},
  author={Zadeh, Lotfi A},
  journal={Information and control},
  volume={8},
  number={3},
  pages={338--353},
  year={1965},
  publisher={World Scientific}
}

@article{mamdani1975experiment,
  title={An experiment in linguistic synthesis with a fuzzy logic controller},
  author={Mamdani, Ebrahim H and Assilian, Sedrak},
  journal={International journal of man-machine studies},
  volume={7},
  number={1},
  pages={1--13},
  year={1975},
  publisher={Elsevier}
}

@article{zadeh1975concept,
  title={The concept of a linguistic variable and its application to approximate reasoningâ€”I},
  author={Zadeh, Lotfi A},
  journal={Information sciences},
  volume={8},
  number={3},
  pages={199--249},
  year={1975},
  publisher={Elsevier}
}

@article{tsukamoto1979approach,
  title={An approach to fuzzy reasoning method},
  author={Tsukamoto, Yahachiro},
  journal={Advances in fuzzy set theory and applications},
  volume={137},
  pages={149},
  year={1979}
}

@article{takagi1985fuzzy,
  title={Fuzzy identification of systems and its applications to modeling and control},
  author={Takagi, Tomohiro and Sugeno, Michio},
  journal={Systems, Man and Cybernetics, IEEE Transactions on},
  number={1},
  pages={116--132},
  year={1985},
  publisher={IEEE}
}

@book{klir1995fuzzy,
  title={Fuzzy sets and fuzzy logic},
  author={Klir, George and Yuan, Bo},
  volume={4},
  year={1995},
  publisher={Prentice Hall New Jersey}
}

Increase Time-Performance
@article{pedrycz1998shadowed,
  title={Shadowed sets: representing and processing fuzzy sets},
  author={Pedrycz, Witold},
  journal={Systems, Man, and Cybernetics, Part B: Cybernetics, IEEE Transactions on},
  volume={28},
  number={1},
  pages={103--109},
  year={1998},
  publisher={IEEE}
}

@article{mendel2001uncertain,
  title={Uncertain rule-based fuzzy logic system: introduction and new directions},
  author={Mendel, Jerry M},
  year={2001},
  publisher={Prentice--Hall PTR}
}

@article{wu2009enhanced,
  title={Enhanced karnik--mendel algorithms},
  author={Wu, Dongrui and Mendel, Jerry M},
  journal={Fuzzy Systems, IEEE Transactions on},
  volume={17},
  number={4},
  pages={923--934},
  year={2009},
  publisher={IEEE}
}

@article{mendel2002type,
  title={Type-2 fuzzy sets made simple},
  author={Mendel, Jerry M and John, Robert I Bob},
  journal={Fuzzy Systems, IEEE Transactions on},
  volume={10},
  number={2},
  pages={117--127},
  year={2002},
  publisher={IEEE}
}

@article{liang2000interval,
  title={Interval type-2 fuzzy logic systems: theory and design},
  author={Liang, Qilian and Mendel, Jerry M},
  journal={Fuzzy Systems, IEEE Transactions on},
  volume={8},
  number={5},
  pages={535--550},
  year={2000},
  publisher={IEEE}
}

@article{mendel2006interval,
  title={Interval type-2 fuzzy logic systems made simple},
  author={Mendel, Jerry M and John, Robert and Liu, Feilong and others},
  journal={Fuzzy Systems, IEEE Transactions on},
  volume={14},
  number={6},
  pages={808--821},
  year={2006},
  publisher={IEEE}
}

@article{karnik2001centroid,
  title={Centroid of a type-2 fuzzy set},
  author={Karnik, Nilesh N and Mendel, Jerry M},
  journal={Information Sciences},
  volume=132,
  number=1,
  pages={195--220},
  year=2001,
  publisher={Elsevier}
}


Future Work

@article{castro2007interval,
  title={Interval Type-2 Fuzzy Logic Toolbox.},
  author={Castro, Juan R and Castillo, Oscar and Martinez, Luis G},
  journal={Engineering Letters},
  volume={15},
  number={1},
  pages={89--98},
  year={2007},
  publisher={Mexico}
}

@inproceedings{wagner2013juzzy,
  title={Juzzy-a java based toolkit for type-2 fuzzy logic},
  author={Wagner, Christoph},
  booktitle={Advances in Type-2 Fuzzy Logic Systems (T2FUZZ), 2013 IEEE Symposium on},
  pages={45--52},
  year={2013},
  organization={IEEE}
}







An example of a IEEEtran control entry which can change some IEEEtran.bst
settings. An entry like this must be cited via \bstctlcite{} command
before the first real \cite{}. The same entry key cannot be called twice
(just like multiple \cite{} of the same entry key place only one entry
in the bibliography.)
The available control fields are:

CTLuse_article_number
"no" turns off the display of the number for articles.
"yes" enables

CTLuse_paper
"no" turns off the display of the paper and type fields in inproceedings.
"yes" enables

CTLuse_forced_etal 
"no" turns off the forced use of "et al."
"yes" enables

CTLmax_names_forced_etal
The maximum number of names that can be present beyond which an "et al."
usage is forced. Be sure that CTLnames_show_etal (below)
is not greater than this value!

CTLnames_show_etal
The number of names that will be shown with a forced "et al.".
Must be less than or equal to CTLmax_names_forced_etal

CTLuse_alt_spacing 
"no" turns off the alternate interword spacing for entries with URLs.
"yes" enables

CTLalt_stretch_factor
If alternate interword spacing for entries with URLs is enabled, this is
the interword spacing stretch factor that will be used. For example, the
default "4" here means that the interword spacing in entries with URLs can
stretch to four times normal. Does not have to be an integer.

CTLdash_repeated_names
"no" turns off the "dashification" of repeated (i.e., identical to those
of the previous entry) names. IEEE normally does this.
"yes" enables

CTLname_format_string
The name format control string as explained in the BibTeX style hacking
guide.
IEEE style "{f.~}{vv~}{ll}{, jj}" is the default,

CTLname_latex_cmd
A LaTeX command that each name will be fed to (e.g., "\textsc").
Leave empty if no special font is desired for the names.
The default is empty.

CTLname_url_prefix
The prefix text used before URLs.
The default is "[Online]. Available:" A space will be inserted after this
text. If this space is not wanted, just use \relax at the end of the
prefix text.


Those fields that are not to be changed can be left out.
@IEEEtranBSTCTL{IEEEexample:BSTcontrol,
  CTLuse_article_number     = "yes",
  CTLuse_paper              = "yes",
  CTLuse_forced_etal        = "no",
  CTLmax_names_forced_etal  = "10",
  CTLnames_show_etal        = "1",
  CTLuse_alt_spacing        = "yes",
  CTLalt_stretch_factor     = "4",
  CTLdash_repeated_names    = "yes",
  CTLname_format_string     = "{f.~}{vv~}{ll}{, jj}",
  CTLname_latex_cmd         = "",
  CTLname_url_prefix        = "[Online]. Available:"
}


